Scopus
EXPORT DATE: 27 November 2018

@ARTICLE{Cardellino201867,
author={Cardellino, C. and Alemany, L.A.},
title={Exploring the impact of word embeddings for disjoint semisupervised spanish verb sense disambiguation},
journal={Inteligencia Artificial},
year={2018},
volume={21},
number={61},
pages={67-81},
doi={10.4114/intartif.vol21iss61pp67-81},
note={cited By 0},
url={https://www.scopus.com/inward/record.uri?eid=2-s2.0-85046850689&doi=10.4114%2fintartif.vol21iss61pp67-81&partnerID=40&md5=bcc9481466d4cf7adc67d8580a9557ba},
affiliation={Facultad de Matemática, Astronomía, Física y Computación, Universidad Nacional de Córdoba, Argentina},
publisher={Asociacion Espanola de Inteligencia Artificial},
issn={11373601},
language={English},
abbrev_source_title={Inteligencia Artif.},
document_type={Article},
source={Scopus},
}

@CONFERENCE{Cardellino20179,
author={Cardellino, C. and Alemany, L.A. and Teruel, M. and Villata, S.},
title={A low-cost, high-coverage legal named entity recognizer, classifier and linker},
journal={Proceedings of the International Conference on Artificial Intelligence and Law},
year={2017},
pages={9-18},
doi={10.1145/3086512.3086514},
note={cited By 5; Conference of 16th International Conference on Artificial Intelligence and Law, ICAIL 2017 ; Conference Date: 12 June 2017 Through 16 June 2017;  Conference Code:133052},
url={https://www.scopus.com/inward/record.uri?eid=2-s2.0-85037981152&doi=10.1145%2f3086512.3086514&partnerID=40&md5=a91d9489f9ecd681664b5bcca5978adb},
affiliation={University of Córdoba, Argentina; Université Côte D’Azur, CNRS, Inria, I3S, France},
sponsors={Arti!cial Intelligence Journal; King's College London; Mishcon de Reya; The International Association for Arti!cial Intelligence and Law; Thomson Reuters; Weightmans},
publisher={Association for Computing Machinery},
isbn={9781450348911},
coden={85OAA},
language={English},
abbrev_source_title={Proc Int Conf Artif Intell Law},
document_type={Conference Paper},
source={Scopus},
}

@CONFERENCE{Cardellino2017252,
author={Cardellino, C. and Teruel, M. and Alemany, L.A. and Villata, S.},
title={Learning slowly to learn better: Curriculum learning for legal ontology population},
journal={FLAIRS 2017 - Proceedings of the 30th International Florida Artificial Intelligence Research Society Conference},
year={2017},
pages={252-257},
note={cited By 0; Conference of 30th International Florida Artificial Intelligence Research Society Conference, FLAIRS 2017 ; Conference Date: 22 May 2017 Through 24 May 2017;  Conference Code:129735},
url={https://www.scopus.com/inward/record.uri?eid=2-s2.0-85029489408&partnerID=40&md5=28b047a16ae9d6854599cad865595ff1},
affiliation={Natural Language Processing Group FaMAF-UNC, Cordoba, Argentina; Université Côte d'Azur CNRS, Inria, I3S, France},
editor={Rus V., Markov Z.},
sponsors={},
publisher={AAAI Press},
isbn={9781577357872},
language={English},
abbrev_source_title={FLAIRS - Proc. Int. Florida Artif. Intell. Res. Soc. Conf.},
document_type={Conference Paper},
source={Scopus},
}

@CONFERENCE{Cardellino2017,
author={Cardellino, C. and Teruel, M. and Alemany, L.A. and Villata, S.},
title={Ontology population and alignment for the legal domain: YAGO, Wikipedia and LKIF},
journal={CEUR Workshop Proceedings},
year={2017},
volume={1963},
note={cited By 1; Conference of 2017 ISWC Posters and Demonstrations and Industry Tracks, ISWC-P and D-Industry 2017 ; Conference Date: 23 October 2017 Through 25 October 2017;  Conference Code:131274},
url={https://www.scopus.com/inward/record.uri?eid=2-s2.0-85033480012&partnerID=40&md5=866e1909c8e7afac4178fd2686a1ca7b},
affiliation={University of C ordoba, Argentina; Université C ote d'Azur, CNRS, Inria, I3S, France},
editor={Song D., Nikitina N., Fokoue A., Haase P.},
sponsors={},
publisher={CEUR-WS},
issn={16130073},
language={English},
abbrev_source_title={CEUR Workshop Proc.},
document_type={Conference Paper},
source={Scopus},
}

@CONFERENCE{Cardellino2017254,
author={Cardellino, C. and Teruel, M. and Alemany, L.A. and Villata, S.},
title={Legal NERC with ontologies, Wikipedia and curriculum learning},
journal={15th Conference of the European Chapter of the Association for Computational Linguistics, EACL 2017 - Proceedings of Conference},
year={2017},
volume={2},
pages={254-259},
note={cited By 1; Conference of 15th Conference of the European Chapter of the Association for Computational Linguistics, EACL 2017 ; Conference Date: 3 April 2017 Through 7 April 2017;  Conference Code:127985},
url={https://www.scopus.com/inward/record.uri?eid=2-s2.0-85021628402&partnerID=40&md5=3ef13b2c171de15c9b4af52a5807a228},
affiliation={Natural Language Processing Group, FaMAF-UNC, Crdoba, Argentina; Université Cote d'Azur, CNRS, Inria, I3S, France},
sponsors={CELI: Language Technology; eBay; et al.; Grammarly; Textkernel; Thomson Reuters},
publisher={Association for Computational Linguistics (ACL)},
isbn={9781510838604},
language={English},
abbrev_source_title={Conf. Eur. Chapter Assoc. Comput. Linguist., EACL - Proc. Conf.},
document_type={Conference Paper},
source={Scopus},
}

@ARTICLE{Cardellino2015483,
author={Cardellino, C. and Villata, S. and Alemany, L.A. and Cabrio, E.},
title={Information extraction with active learning: A case study in legal text},
journal={Lecture Notes in Computer Science (including subseries Lecture Notes in Artificial Intelligence and Lecture Notes in Bioinformatics)},
year={2015},
volume={9042},
pages={483-494},
doi={10.1007/978-3-319-18117-2_36},
note={cited By 4; Conference of 16th Annual Conference on Intelligent Text Processing and Computational Linguistics, CICLing 2015 ; Conference Date: 14 April 2015 Through 20 April 2015;  Conference Code:142389},
url={https://www.scopus.com/inward/record.uri?eid=2-s2.0-84942540484&doi=10.1007%2f978-3-319-18117-2_36&partnerID=40&md5=9d5242674dbd86099f3cf7c31c4fc09d},
affiliation={Universidad Nacional de Córdoba, Argentina; INRIA Sophia Antipolis, France},
editor={Gelbukh A.},
sponsors={},
publisher={Springer Verlag},
issn={03029743},
isbn={9783319181165},
language={English},
abbrev_source_title={Lect. Notes Comput. Sci.},
document_type={Conference Paper},
source={Scopus},
}

@ARTICLE{Cardellino201521,
author={Cardellino, C. and Alonso Alemany, L. and Villata, S. and Cabrio, E.},
title={Improvements in information extraction in legal text by active learning},
journal={Frontiers in Artificial Intelligence and Applications},
year={2015},
volume={279},
pages={21-30},
doi={10.3233/978-1-61499-609-5-21},
note={cited By 1; Conference of 28th Annual International Conference on Legal Knowledge and Information Systems, JURIX 2015 ; Conference Date: 10 December 2015 Through 11 December 2015;  Conference Code:119813},
url={https://www.scopus.com/inward/record.uri?eid=2-s2.0-84963706903&doi=10.3233%2f978-1-61499-609-5-21&partnerID=40&md5=f20fc3ab457534c6a3c7558cf4a3be33},
affiliation={University of Cordoba, Argentina; INRIA Sophia Antipolis, France; University of Nice-Sophia Antipolis, France},
correspondence_address1={Cardellino, C.; University of CordobaArgentina; email: ccardellino@famaf.unc.edu.ar},
editor={Rotolo A.},
sponsors={},
publisher={IOS Press},
issn={09226389},
isbn={9781614996088},
language={English},
abbrev_source_title={Front. Artif. Intell. Appl.},
document_type={Conference Paper},
source={Scopus},
}

@CONFERENCE{Cardellino2014277,
author={Cardellino, C. and Villata, S. and Gandon, F. and Governatori, G. and Lam, H.-P. and Rotolo, A.},
title={Licentia: A tool for supporting users in data licensing on the web of data},
journal={CEUR Workshop Proceedings},
year={2014},
volume={1272},
pages={277-280},
note={cited By 2; Conference of ISWC 2014 Posters and Demonstrations Track, ISWC-P and D 2014, 13th International Semantic Web Conference, ISWC 2014 ; Conference Date: 21 October 2014 Through 21 October 2014;  Conference Code:110145},
url={https://www.scopus.com/inward/record.uri?eid=2-s2.0-84921832104&partnerID=40&md5=889bef4d39109163f711595bce8019ab},
affiliation={INRIA, Sophia Antipolis, France; NICTA Queensland Research Laboratory, Australia; University of Bologna, Italy},
editor={Horridge M., Rospocher M., van Ossenbruggen J.},
sponsors={},
publisher={CEUR-WS},
issn={16130073},
language={English},
abbrev_source_title={CEUR Workshop Proc.},
document_type={Conference Paper},
source={Scopus},
}
